@Book{Gould1988,
  author    = {Gould, H. and Tobochnik, J.},
  publisher = {Addison Wesley Publishing Company},
  title     = {An introduction to computer simulation methods: Applications to physical systems},
  year      = {1988},
  owner     = {gustavo},
  timestamp = {2017.01.31},
}

@Article{,
  author = {ggfgfgf},
}

@Book{Wenrworth2012,
  author    = {Wenrworth, Peter and Elkner, Jeffrey and Downey, Allen B and Meyers Chris},
  publisher = {GNU Free Documentation License},
  title     = {How to Think Like a Computer Scientist: Learning with Python 3},
  year      = {2012},
  keywords  = {python},
  owner     = {gustavo},
  timestamp = {2017.08.02},
}

@Book{Wenrworth2012,
  author    = {Wenrworth, Peter and Elkner, Jeffrey and Downey, Allen B and Meyers Chris},
  publisher = {GNU Free Documentation License},
  title     = {How to Think Like a Computer Scientist: Learning with Python 3},
  year      = {2012},
  keywords  = {python},
  owner     = {gustavo},
  timestamp = {2017.08.02},
}

@Comment{jabref-meta: databaseType:bibtex;}
