@Book{Giordano1997,
  author    = {Giordano, Nicholas J.},
  publisher = {Prentice Hall},
  title     = {Computational Physics},
  year      = {1997},
  keywords  = {computacional},
  owner     = {gustavo},
  timestamp = {2017.08.02},
}

@Book{Gould1988,
  author    = {Gould, H. and Tobochnik, J.},
  publisher = {Addison Wesley Publishing Company},
  title     = {An introduction to computer simulation methods: Applications to physical systems},
  year      = {1988},
  keywords  = {computacional},
  owner     = {gustavo},
  timestamp = {2017.01.31},
}

@Book{Gries2013,
  author    = {Gries, Paul and Campell, Jennifer and Montojo, Jason},
  publisher = {The Pragmatic Bookshelf},
  title     = {Practical Programming. An Introduction to Computer Science Using Python 3},
  year      = {2013},
  keywords  = {python},
  owner     = {gustavo},
  timestamp = {2017.08.02},
}

@Book{Kahaner1989,
  author    = {Kahaner, D and Moler, C and Nash, S},
  publisher = {Prentice Hall},
  title     = {Numerical methods and software},
  year      = {1989},
  keywords  = {computacional},
  owner     = {gustavo},
  timestamp = {2017.01.31},
}

@Book{Klein2006,
  author    = {Klein, A and Godunov, A},
  publisher = {Cambridge University Press},
  title     = {Introductory Computational Physics},
  year      = {2006},
  keywords  = {computacional},
  owner     = {gustavo},
  timestamp = {2017.01.31},
}

@Book{Pang2006,
  author    = {Pang, Tao},
  publisher = {Cambridge University Press},
  title     = {An Introduction to Computational Physics},
  year      = {2006},
  keywords  = {computacional},
  owner     = {gustavo},
  timestamp = {2017.08.02},
}

@Article{Rojas2009,
  author    = {Rojas, J.F. and Morales, M.A. and Rangel, A. and Torres, I.},
  journal   = {Revista Mexicana de Física},
  title     = {Física computacional: una propuesta educativa},
  year      = {2009},
  month     = {Junio},
  number    = {1},
  pages     = {97-111},
  volume    = {E55},
  keywords  = {computacional},
  owner     = {gustavo},
  timestamp = {2017.01.31},
}

@Book{Vesely1994,
  author    = {Vesely, F.},
  publisher = {Plenum Press},
  title     = {Computational physics: An introduction},
  year      = {1994},
  keywords  = {computacional},
  owner     = {gustavo},
  timestamp = {2017.01.31},
}

@Book{Wenrworth2012,
  author    = {Wenrworth, Peter and Elkner, Jeffrey and Downey, Allen B and Meyers Chris},
  publisher = {GNU Free Documentation License},
  title     = {How to Think Like a Computer Scientist: Learning with Python 3},
  year      = {2012},
  keywords  = {python},
  owner     = {gustavo},
  timestamp = {2017.08.02},
}

@Book{Cheney2011,
  author    = {Cheney, Ward and Kincaid David},
  publisher = {CENCAGE Learning},
  title     = {Métodos numéricos y computación},
  year      = {2011},
  keywords  = {computacional},
  edition   = {6a.},
}

@Book{Burden2011,
  author    = {Burden, Richard and Faires, Douglas},
  publisher = {CENGAGE Learning},
  title     = {Análisis numérico},
  year      = {2011},
  edition   = {9a.},
  keywords  = {computacional},
}

@Book{Fuhrer2021,
  author    = {Führer, Claus and Verdier, Olivier and Solem, Jan Erik},
  publisher = {Packt Publishing},
  title     = {Scientific Computing with Python},
  year      = {2021},
  keywords  = {python},
}

@Book{Matthes2016,
  author    = {Matthes, Eric},
  publisher = {No Starch Press},
  title     = {Python Crash Course},
  year      = {2016},
  keywords  = {python},
}

@Book{Nagar2018,
  author    = {Nagar, Sandeep},
  publisher = {APress},
  title     = {Introduction to Python for Engineers and Scientists: Open Source Solutions for Numerical Computation},
  year      = {2018},
  keywords  = {python},
}

@Book{Kong2021,
  author    = {Kong, Qingkai and Siauw, Timmy and Bayen, Alexande M.},
  publisher = {Elsevier},
  title     = {Python Programming and Numerical Methods. A Guide for Engineers and Scientists},
  year      = {2021},
  keywords  = {python},
}

@Book{Beazley2013,
  author    = {Beazley, David and Jones, Brian K.},
  publisher = {O'Reilly},
  title     = {Python Cookbook},
  year      = {2013},
  edition   = {3a.},
  keywords  = {python},
}

@Article{Goldberg1991,
  author   = {Goldberg, David},
  journal  = {ACM Computing Surveys},
  title    = {What Every Computer Scientist Should Know About Floating-Point Arithmetic},
  year     = {1991},
  month    = mar,
  number   = {1},
  pages    = {5--48},
  volume   = {23},
  keywords = {python},
}

@Article{Brody1984,
  author  = {Brody, Tomás A.},
  journal = {Revista Mexicana de Física},
  title   = {La Física Computacional},
  year    = {1984},
  number  = {3},
  pages   = {513--536},
  volume  = {30},
  keywords  = {computacional},
}

@Book{Pine2019,
  author    = {Pine, David J.},
  publisher = {CRC Press},
  title     = {Introduction to Python for Science and Engineering},
  year      = {2019},
  keywords  = {python},
}

@Book{Pajankar2021,
  author    = {Pajankar, Ashwin},
  publisher = {APress},
  title     = {Hands-on Matplotlib. Learning Plotting and Visualizations with Python 3},
  year      = {2021},
  keywords  = {python},
}

@Book{Landau2018,
  author    = {Landau, Rubin H. and Páez, Manuel José},
  publisher = {CRC Press},
  title     = {Computational Problems for Physics. With Guided Solutions Using Python},
  year      = {2018},
  keywords  = {computacional},
}

@Book{Sirca2018,
  author    = {Sirca, Simon and Horvat, Martin},
  publisher = {Springer},
  title     = {Computational Methods in Physics},
  year      = {2018},
  keywords  = {computacional},
}

@Book{Stickler2016,
  author    = {Stickler, Benjamin A. and Schachinger, Ewald},
  publisher = {Springer},
  title     = {Basic Concepts in Computational Physics},
  year      = {2016},
  keywords  = {computacional},
}

@Comment{jabref-meta: databaseType:bibtex;}
